@book{ book:Hormander,
  author    = {H\"{o}rmander, Lars},
  title     = {An introduction to complex analysis in several variables},
  publisher = {North-Holland, Distributors for the United States and Canada, Elsevier Science},
  year      = {1990},
  edition   = {3rd revised},
  series    = {North-Holland mathematical library},
  volume    = {7},
}
@book{ book:Kaneko1,
  author    = {Kaneko, Akira},
  title     = {Introduction to hyperfunctions},
  publisher = {KTK Scientific Publishers, Kluwer Academic Publishers},
  year      = {1988},
}
@book{ book:Kaneko1j,
  author    = {金子 晃},
  yomi      = {Kaneko, Akira},
  title     = {新版 超函数入門},
  publisher = {東京大学出版会},
  year      = {1996},
}
@book{ book:Kaneko2,
  author    = {金子 晃},
  yomi      = {Kaneko, Akira},
  title     = {定数係数線型偏微分方程式},
  publisher = {岩波書店},
  series    = {岩波講座 基礎数学},
  number    = {解析学 (II) v},
  year      = {1976},
}
@book{ book:Komatsu,
  author    = {小松 彦三郎},
  yomi      = {Komatsu, Hikosaburo},
  title     = {超関数論入門},
  publisher = {岩波書店},
  series    = {岩波講座 基礎数学},
  number    = {解析学 (II) ix},
  year      = {1978},
}
@book{ book:KKK,
  author    = {柏原 正樹 and 河合 隆裕 and 木村 達雄},
  yomi      = {Kashiwara, Masaki and Kawai, Takahiro and Kimura, Tatsuo},
  title     = {代数解析学の基礎},
  publisher = {紀伊國屋書店},
  series    = {紀伊國屋数学叢書},
  number    = {18},
  year      = {1980},
}
@book{ book:KS_sh,
  author    = {Kashiwara, Masaki and Schapira, Pierre},
  title     = {Sheaves on manifolds},
  publisher = {Springer-Verlag},
  series    = {Die Grundlehren der mathematischen Wissenschaften},
  number    = {292},
  year      = {1990},
}
@book{ book:KS_cat,
  author    = {Kashiwara, Masaki and Schapira, Pierre},
  title     = {Category and Sheaves},
  publisher = {Springer},
  series    = {Die Grundlehren der mathematischen Wissenschaften},
  number    = {332},
  year      = {2006},
}
@book{ book:KS_ind,
  author    = {Kashiwara, Masaki and Schapira, Pierre},
  title     = {Ind-sheaves},
  publisher = {Soci\'et\'e math\'ematique de France},
  series    = {Ast\'erisque},
  number    = {271},
  year      = {2001},
}
@book{ book:Prelli,
  author    = {Prelli, Luca},
  title     = {Sheaves on subanalytic sites},
  series    = {Rendiconti del Seminario Matematico della Universit\`a di Padova},
  number    = {120},
  year      = {2008},
}
@misc{ paper:SKK,
  author    = {Sato, Mikio and Kawai, Takahiro and Kashiwara, Masaki},
  title     = {\textit{Microfunctions and Pseudo-differential Equations}},
  year      = {1973},

  publisher = {Springer-Verlag},
  series    = {Lecture notes in mathematics},
  number    = {287},
  pages     = {265-529},

  note      = {},
  howpublished = {
    p.265-529 of \textit{Hyperfunctions and Pseudo-Differential Equations : proceedings of a conference at Katata, 1971},
    No. 287,
    Lecture notes in mathematics,
    Springer-Verlag
  },
}
@book{ book:Sch,
  author    = {Schapira, Pierre},
  title     = {Microdifferential Systems in the Complex Domain},
  publisher = {Springer-Verlag},
  series    = {Die Grundlehren der mathematischen Wissenschaften},
  number    = {269},
  year      = {1985},
}
@book{ book:HTT,
  author    = {Hotta, R. and Takeuchi, K. and Tanisaki, T.},
  title     = {D-modules, perverse sheaves, and representation theory},
  publisher = {Birkh\"auser},
  series    = {Progress in mathematics},
  number    = {236},
  year      = {2008},
}
@book{ book:HT,
  author    = {堀田 良之 and 谷崎 俊之},
  yomi      = {Hotta, Ryoushi and Tanisaki, Toshiyuki},
  title     = {D加群と代数群},
  publisher = {Springer},
  series    = {シュプリンガー現代数学シリーズ},
  number    = {},
  year      = {1995},
}
